<?xml version="1.0" encoding="UTF-8"?><record xmlns="http://www.loc.gov/MARC21/slim" xmlns:cinclude="http://apache.org/cocoon/include/1.0" xmlns:zs="http://www.loc.gov/zing/srw/">
  <leader>00631nz  a2200157n  4500</leader>
  <controlfield tag="001">no2008052572</controlfield>
  <controlfield tag="003">DLC</controlfield>
  <controlfield tag="005">20080409080539.0</controlfield>
  <controlfield tag="008">080407n| acannaabn          |a aaa     c</controlfield>
  <datafield tag="010" ind1=" " ind2=" ">
    <subfield code="a">no2008052572</subfield>
  </datafield>
  <datafield tag="035" ind1=" " ind2=" ">
    <subfield code="a">(OCoLC)oca07727247</subfield>
  </datafield>
  <datafield tag="040" ind1=" " ind2=" ">
    <subfield code="a">CoU-DA</subfield>
    <subfield code="b">eng</subfield>
    <subfield code="c">CoU-DA</subfield>
  </datafield>
  <datafield tag="100" ind1="1" ind2=" ">
    <subfield code="a">Denholm, P.</subfield>
    <subfield code="q">(Paul)</subfield>
  </datafield>
  <datafield tag="400" ind1="1" ind2=" ">
    <subfield code="a">Denholm, Paul</subfield>
  </datafield>
  <datafield tag="670" ind1=" " ind2=" ">
    <subfield code="a">Costs and emissions associated with plug-in hybrid electric vehicle charging in the Xcel Energy Colorado service territory, 2007:</subfield>
    <subfield code="b">t.p. (P. Denholm)</subfield>
  </datafield>
  <datafield tag="670" ind1=" " ind2=" ">
    <subfield code="a">OCLC database, Apr. 7, 2008:</subfield>
    <subfield code="b">(hdgs.: Denholm, P., Denholm, Paul; usage: Paul L. Denholm, Paul Denholm; predominant usage: P. Denholm)</subfield>
  </datafield>
</record>